@misc{1,
title  = {Storj Core Tutorial: Protocol Specification},
author = {G. Hall},
note   = {\url{https://storj.github.io/core/tutorial-protocol-spec.html}},
year   = {(2016)},
},

@inproceedings{kademlia,
 author = {Maymounkov, Petar and Mazi\`{e}res, David},
 title = {Kademlia: A Peer-to-Peer Information System Based on the XOR Metric},
 booktitle = {Revised Papers from the First International Workshop on Peer-to-Peer Systems},
 series = {IPTPS '01},
 year = {2002},
 isbn = {3-540-44179-4},
 pages = {53--65},
 numpages = {13},
 url = {http://dl.acm.org/citation.cfm?id=646334.687801},
 acmid = {687801},
 publisher = {Springer-Verlag},
 address = {London, UK, UK},
},

@inproceedings{s-kademlia,
  added-at = {2015-05-04T00:00:00.000+0200},
  author = {Baumgart, Ingmar and Mies, Sebastian},
  biburl = {https://www.bibsonomy.org/bibtex/2492dc7afd159f5ed4c28424a76127414/dblp},
  booktitle = {ICPADS},
  ee = {http://doi.ieeecomputersociety.org/10.1109/ICPADS.2007.4447808},
  interhash = {e0cb95d28be091ba3673e139f4e69a21},
  intrahash = {492dc7afd159f5ed4c28424a76127414},
  isbn = {978-1-4244-1889-3},
  keywords = {dblp},
  pages = {1-8},
  publisher = {IEEE Computer Society},
  timestamp = {2015-06-19T12:07:15.000+0200},
  title = {S/{K}ademlia: A practicable approach towards secure key-based routing.},
  url = {http://dblp.uni-trier.de/db/conf/icpads/icpads2007.html#BaumgartM07},
  year = 2007
},

@misc{5,
title  = {Protocols for public key cryptosystems},
author = {R.C. Merkle},
note   = {\url{http://www.merkle.com/papers/Protocols.pdf}},
year   = {(April 1980)},
},

@misc{6,
title  = {Compact Proofs of Retrievability},
author = {H. Shacham{,} B. Waters},
note   = {\url{https://cseweb.ucsd.edu/~hovav/dist/verstore.pdf}},
year   = {(2008)},
},

@misc{7,
title  = {Storj Core Class: Contract},
author = {G. Hall},
note   = {\url{http://storj.github.io/core/Contract.html}},
year   = {(2016)},
},

@misc{8,
title  = {Kad Quasar},
author = {G. Hall},
note   = {\url{https://github.com/kadtools/kad-quasar}},
year   = {(2016)},
},

@misc{9,
title  = {Quasar: A Probabilistic Publish-Subscribe System for Social Networks},
author = {B. Wong{,} S. Guha},
note   = {\url{http://research.microsoft.com/en-us/um/people/saikat/pub/iptps08-quasar.pdf}},
year   = {(2008)},
},

@misc{10,
title  = {Space/time trade-offs in hash coding with allowable errors},
author = {B. Bloom},
note   = {\url{http://dmod.eu/deca/ft_gateway.cfm.pdf}},
year   = {(1970)},
},

@misc{11,
title  = {Storj Core Tutorial: Publishing Storage Contracts},
author = {G. Hall},
note   = {\url{http://storj.github.io/core/tutorial-contract-topics.html}},
year   = {(2016)},
},

@misc{12,
title  = {KFS},
author = {G. Hall},
note   = {\url{https://storj.github.io/kfs/}},
year   = {(2016)},
},

@misc{13,
title  = {KFS Tutorial: Performance Testing the Changes},
author = {P. Gerbes},
note   = {\url{https://storj.github.io/kfs/tutorial-performance-testing.html}},
year   = {(2016)},
},

@misc{14,
title  = {Diglet Server},
author = {G. Hall},
note   = {\url{http://diglet.me}},
year   = {(2016)},
},

@misc{15,
title  = {Storj Core Tutorial: Transferring File Shards},
author = {G. Hall},
note   = {\url{http://storj.github.io/core/tutorial-data-transfer.html}},
year   = {(2016)},
},

@misc{16,
title  = {Storj Core},
author = {G. Hall},
note   = {\url{http://storj.github.io/core/}},
year   = {(2016)},
},

@misc{17,
title  = {A Next-Generation Smart Contract and Decentralized Application Platform},
author = {V. Buterin \textit{et al.}},
note   = {\url{https://github.com/ethereum/wiki/wiki/White-Paper}},
year   = {(2014)},
},

@misc{18,
title  = {IPFS - Content Addressed, Versioned, P2P File System},
author = {J. Benet},
note   = {\url{https://github.com/ipfs/ipfs/blob/master/papers/ipfs-cap2pfs/ipfs-p2p-file-system.pdf}},
year   = {(2014)},
},

@misc{19,
title  = {The EigenTrust Algorithm for Reputation Management in P2P Networks},
author = {S. Kamvar{,} M. Schlosser{,} H. Garcia-Molina},
note   = {\url{http://ilpubs.stanford.edu:8090/562/1/2002-56.pdf}},
year   = {(2003)},
},

@misc{20,
title  = {EigenTrust++: Attack Resilient Trust Management},
author = {X. Fan{,} L. Liu{,} M. Li{,} Z. Su},
note   = {\url{https://pdfs.semanticscholar.org/c5a6/c05d833179073e3517be6c7e7ab0c9d59b29.pdf}},
year   = {(2012)},
},

@misc{21,
title  = {NEM Technical Reference},
author = {M. Takemiya \textit{et al.}},
note   = {\url{https://www.nem.io/NEM_techRef.pdf}},
year   = {(2015)},
},

@misc{22,
title  = {TrustDavis: A Non-Exploitable Online Reputation System},
author = {D. DeFigueiredo{,} E. Barr},
note   = {\url{http://earlbarr.com/publications/trustdavis.pdf}},
year   = {(2005)},
},

@misc{23,
title  = {Bounding Sybil Attacks with Identity Cost},
author = {S. Wilkinson{,} J. Prestwich},
note   = {\url{https://github.com/Storj/sips/blob/master/sip-0002.md}},
year   = {(2016)},
},

@misc{24,
title  = {Incentives Build Robustness in BitTorrent},
author = {B. Cohen},
note   = {\url{http://www.bittorrent.org/bittorrentecon.pdf}},
year   = {(2003)},
},

@misc{25,
title  = {The Bitcoin Lightning Network: Scalable Off-chain Instant Payments},
author = {J. Poon{,} T. Dryja},
note   = {\url{https://lightning.network/lightning-network-paper.pdf}},
year   = {(2016)},
},

@misc{26,
title  = {Trustless Micropayment Channels},
author = {F. Barkhau},
note   = {\url{https://github.com/F483/counterparty-documentation/blob/micropayments/Developers/micropayments.md}},
year   = {(2016)}
}

@misc{27,
author = {J. S. Plank},
title  = {A Tutorial on Reed-Solomon Coding for Fault-Tolerance in RAID-like Systems},
note   = {\url{http://web.eecs.utk.edu/~plank/plank/papers/CS-96-332.pdf}},
year   = {(1996)}
}

@misc{28,
author = {LogMeIn Inc.},
title  = {Lastpass Password Manager},
note   = {\url{https://www.lastpass.com}},
}

@misc{29,
author = {Keybase Inc.},
title  = {Keybase},
note   = {\url{https://www.keybase.io}},
}

@inproceedings{raft,
 author = {Ongaro, Diego and Ousterhout, John},
 title = {In Search of an Understandable Consensus Algorithm},
 booktitle = {Proceedings of the 2014 USENIX Conference on USENIX Annual Technical Conference},
 series = {USENIX ATC'14},
 year = {2014},
 isbn = {978-1-931971-10-2},
 location = {Philadelphia, PA},
 pages = {305--320},
 numpages = {16},
 url = {http://dl.acm.org/citation.cfm?id=2643634.2643666},
 acmid = {2643666},
 publisher = {USENIX Association},
 address = {Berkeley, CA, USA},
}

@misc{s3-object-meta,
author = {Amazon Inc.},
title  = {Amazon Simple Storage Service - Object Metadata},
note   = {\url{https://docs.aws.amazon.com/AmazonS3/latest/dev/UsingMetadata.html#object-metadata}},
}

@article{tail-at-scale,
title	= {The Tail at Scale},
author	= {Jeffrey Dean and Luiz Andr√© Barroso},
year	= {2013},
URL	= {http://cacm.acm.org/magazines/2013/2/160173-the-tail-at-scale/fulltext},
journal	= {Communications of the ACM},
pages	= {74-80},
volume	= {56}
}

@online{backblaze-hd-2018-q1,
author = {Backblaze Inc.},
title = {How Long Do Hard Drives Last: 2018 Hard Drive Stats},
year = 2018,
url = {https://www.backblaze.com/blog/hard-drive-stats-for-q1-2018/},
}
